@ARTICLE{CliffMod,
    author = {M. F. Atiyah and R. Bott and A. Shapiro},
    title = {Clifford modules},
    journal = {Topology},
    year = {1964},
    pages = {3--38}
}
@book{SpinGeo,
      author         = "Lawson, H. B. and Michelsohn, M. L.",
      title          = "{Spin geometry}",
      journal        = "Princeton, UK: Univ. Pr. (1998) 427 p",
      year           = "1998",
      SLACcitation   = "%%CITATION = INSPIRE-492217;%%"
}